% This file was created with JabRef 2.6.
% Encoding: UTF8


@inproceedings{kuhrer2014paint,
  title={Paint it black: Evaluating the effectiveness of malware blacklists},
  author={K{\"u}hrer, Marc and Rossow, Christian and Holz, Thorsten},
  booktitle={International Workshop on Recent Advances in Intrusion Detection},
  pages={1--21},
  year={2014},
  organization={Springer}
}
 
@inproceedings{antonakakis2012throw,
  title={From throw-away traffic to bots: detecting the rise of DGA-based malware},
  author={Antonakakis, Manos and Perdisci, Roberto and Nadji, Yacin and Vasiloglou, Nikolaos and Abu-Nimeh, Saeed and Lee, Wenke and Dagon, David},
  booktitle={Presented as part of the 21st $\{$USENIX$\}$ Security Symposium ($\{$USENIX$\}$ Security 12)},
  pages={491--506},
  year={2012}
}


@inproceedings{yadav2010detecting,
  title={Detecting algorithmically generated malicious domain names},
  author={Yadav, Sandeep and Reddy, Ashwath Kumar Krishna and Reddy, AL Narasimha and Ranjan, Supranamaya},
  booktitle={Proceedings of the 10th ACM SIGCOMM conference on Internet measurement},
  pages={48--61},
  year={2010}
}

@inproceedings{krishnan2013crossing,
  title={Crossing the threshold: Detecting network malfeasance via sequential hypothesis testing},
  author={Krishnan, Srinivas and Taylor, Teryl and Monrose, Fabian and McHugh, John},
  booktitle={2013 43rd Annual IEEE/IFIP International Conference on Dependable Systems and Networks (DSN)},
  pages={1--12},
  year={2013},
  organization={IEEE}
}


 @ARTICLE{RFPose,
    author={{Zhao M, Li T, Abu Alsheikh M, et al}},
    title={Through-wall human pose estimation using radio signals},
    journal={Proceedings of the IEEE Conference on Computer Vision and Pattern Recognition},
    year={2018}
}
 
 @ARTICLE{2dPose,
    author={{Cao, Zhe, et al}},
    title={Realtime multi-person 2d pose estimation using part affinity fields},
    journal={Proceedings of the IEEE conference on computer vision and pattern recognition},
    year={2017}
}
 
